<record><leader>00000cas a2200000 a 4500</leader><controlfield tag="001">34650686</controlfield><controlfield tag="008">960430d19081911miuwr ne      0    0eng c</controlfield><datafield ind1=" " ind2=" " tag="010"><subfield code="a">sn 96076582 </subfield></datafield><datafield ind1=" " ind2=" " tag="040"><subfield code="a">MHN</subfield><subfield code="b">eng</subfield><subfield code="c">MHN</subfield><subfield code="d">OCL</subfield><subfield code="d">MHN</subfield><subfield code="d">OCLCQ</subfield><subfield code="d">OCLCF</subfield><subfield code="d">OCLCO</subfield></datafield><datafield ind1="1" ind2=" " tag="029"><subfield code="a">AU@</subfield><subfield code="b">000012367104</subfield></datafield><datafield ind1=" " ind2=" " tag="042"><subfield code="a">pcc</subfield></datafield><datafield ind1=" " ind2=" " tag="043"><subfield code="a">n-us-mi</subfield></datafield><datafield ind1="0" ind2="0" tag="245"><subfield code="a">Battle Creek Sunday journal and Sunday record.</subfield></datafield><datafield ind1="1" ind2="7" tag="246"><subfield code="a">Battle Creek Sunday journal</subfield></datafield><datafield ind1=" " ind2=" " tag="260"><subfield code="a">Battle Creek, Mich. :</subfield><subfield code="b">Battle Creek Journal Co.</subfield></datafield><datafield ind1=" " ind2=" " tag="300"><subfield code="a">v.</subfield></datafield><datafield ind1=" " ind2=" " tag="310"><subfield code="a">Weekly</subfield></datafield><datafield ind1="0" ind2=" " tag="362"><subfield code="a">Nov. 29, 1908-Dec. 17, 1911.</subfield></datafield><datafield ind1=" " ind2=" " tag="580"><subfield code="a">Daily ed.: Battle Creek journal (Battle Creek, Mich. : 1907), and later: Battle Creek daily journal (Battle Creek, Mich. : 1911).</subfield></datafield><datafield ind1=" " ind2=" " tag="580"><subfield code="a">Absorbed into daily ed.: Battle Creek daily journal (Battle Creek, Mich. : 1911).</subfield></datafield><datafield ind1=" " ind2="0" tag="651"><subfield code="a">Battle Creek (Mich.)</subfield><subfield code="v">Newspapers.</subfield></datafield><datafield ind1=" " ind2="0" tag="651"><subfield code="a">Calhoun County (Mich.)</subfield><subfield code="v">Newspapers.</subfield></datafield><datafield ind1=" " ind2="7" tag="655"><subfield code="a">Newspapers.</subfield><subfield code="2">fast</subfield><subfield code="0">(OCoLC)fst01423814</subfield></datafield><datafield ind1=" " ind2="7" tag="651"><subfield code="a">Michigan</subfield><subfield code="z">Battle Creek.</subfield><subfield code="2">fast</subfield><subfield code="0">(OCoLC)fst01218610</subfield></datafield><datafield ind1=" " ind2="7" tag="651"><subfield code="a">Michigan</subfield><subfield code="z">Calhoun County.</subfield><subfield code="2">fast</subfield><subfield code="0">(OCoLC)fst01214761</subfield></datafield><datafield ind1=" " ind2=" " tag="752"><subfield code="a">United States</subfield><subfield code="b">Michigan</subfield><subfield code="c">Calhoun</subfield><subfield code="d">Battle Creek.</subfield></datafield><datafield ind1="1" ind2=" " tag="775"><subfield code="t">Battle Creek journal (Battle Creek, Mich. : 1907)</subfield><subfield code="w">(DLC)sn 96076583</subfield><subfield code="w">(OCoLC)34674100</subfield></datafield><datafield ind1="1" ind2=" " tag="775"><subfield code="t">Battle Creek daily journal (Battle Creek, Mich. : 1911)</subfield><subfield code="w">(DLC)sn 96076585</subfield><subfield code="w">(OCoLC)34674210</subfield></datafield><datafield ind1="0" ind2="0" tag="780"><subfield code="t">Sunday journal=record</subfield><subfield code="w">(DLC)sn 96076581</subfield><subfield code="w">(OCoLC)34650303</subfield></datafield><datafield ind1="1" ind2="5" tag="785"><subfield code="t">Battle Creek daily journal (Battle Creek, Mich. : 1911)</subfield><subfield code="w">(DLC)sn 96076585</subfield><subfield code="w">(OCoLC)34674210</subfield></datafield></record>